<record xmlns:xsi="http://www.w3.org/2001/XMLSchema-instance" xmlns="http://www.loc.gov/MARC21/slim" xsi:schemaLocation="http://www.loc.gov/MARC21/slim http://www.loc.gov/standards/marcxml/schema/MARC21slim.xsd">

  <leader>01400nam a2200289Ia 4500</leader>
  <controlfield tag="008">150728b2009    c  a|||| |||| 00| | spa d</controlfield>
  <datafield tag="020" ind1=" " ind2=" ">
    <subfield code="a">978997715174-8 (v.1) 978977151755 (v.2)</subfield>
  </datafield>
  <datafield ind2=" " ind1=" " tag="090">
    <subfield code="a">18.01.01 </subfield>
    <subfield code="b">1757</subfield>
  </datafield>
  <datafield tag="245" ind2="0" ind1="1">
    <subfield code="a">Investigación y formación: teoría y práctica de la investigación educativa en la formación de educadores: manual de grado / </subfield>
    <subfield code="c">Susan Francis Salazar ; Ma. Cruz Sánchez Gómez, coordinadoras</subfield>
  </datafield>
  <datafield tag="260" ind2=" " ind1=" ">
    <subfield code="a">San José, Costa Rica : </subfield>
    <subfield code="b">Universidad de Costa Rica, Facultad de Educación, </subfield>
    <subfield code="c">2009</subfield>
  </datafield>
  <datafield ind1=" " ind2=" " tag="300">
    <subfield code="a">volúmenes</subfield>
  </datafield>
  <datafield tag="500" ind2=" " ind1=" ">
    <subfield code="a">Los coordiandores y autores varían en los volúmenes</subfield>
  </datafield>
  <datafield ind1=" " ind2=" " tag="500">
    <subfield code="a">A la cabeza de la portada: Universidad de Salamanca; AECI, Universidad de Costa Rica</subfield>
  </datafield>
  <datafield tag="505" ind2=" " ind1=" ">
    <subfield code="a">Vol. I Manual de Grado /</subfield>
    <subfield code="r">Susan Francis Salazar Salazar; Ma. Cruz Sánchez Gómez, Coordinadores</subfield>
  </datafield>
  <datafield ind1=" " ind2=" " tag="505">
    <subfield code="a">Vol.II Manual de Posgrado /</subfield>
    <subfield code="r">Antonio Víctor Martín García; Ma. Eugenia Venegas Reanuld, Coordinadores</subfield>
  </datafield>
  <datafield tag="650" ind1="1" ind2="4">
    <subfield code="a">INVESTIGACIÓN EDUCATIVA</subfield>
    <subfield code="9">326</subfield>
  </datafield>
  <datafield tag="650" ind2="4" ind1="1">
    <subfield code="a">MANUALES </subfield>
    <subfield code="9">426</subfield>
  </datafield>
  <datafield ind1="1" ind2="4" tag="650">
    <subfield code="a">FUENTES DE INFORMACIÓN</subfield>
    <subfield code="9">556</subfield>
  </datafield>
  <datafield tag="650" ind1="1" ind2="4">
    <subfield code="a">EDUCACIÓN</subfield>
    <subfield code="9">1</subfield>
  </datafield>
  <datafield ind1="1" ind2="4" tag="650">
    <subfield code="a">FORMACIÓN PROFESIONAL</subfield>
    <subfield code="9">498</subfield>
  </datafield>
  <datafield tag="650" ind1="1" ind2="4">
    <subfield code="a">INVESTIGACIÓN CUALITATIVA</subfield>
    <subfield code="9">317</subfield>
  </datafield>
  <datafield tag="700" ind2=" " ind1="1">
    <subfield code="a">Francis Salazar, Susan</subfield>
    <subfield code="9">557</subfield>
  </datafield>
  <datafield ind2=" " ind1="1" tag="700">
    <subfield code="a">Sánchez Gómez, Ma. Cruz</subfield>
    <subfield code="9">558</subfield>
  </datafield>
  <datafield tag="700" ind2=" " ind1="1">
    <subfield code="a">Martín García, Antonio Víctor</subfield>
    <subfield code="9">559</subfield>
  </datafield>
  <datafield tag="700" ind1="1" ind2=" ">
    <subfield code="a">Venegas Renauld, María Eugenia</subfield>
    <subfield code="9">560</subfield>
  </datafield>
  <datafield tag="942" ind1=" " ind2=" ">
    <subfield code="2">z</subfield>
    <subfield code="c">01</subfield>
  </datafield>
  <datafield tag="999" ind1=" " ind2=" ">
    <subfield code="c">705</subfield>
    <subfield code="d">705</subfield>
  </datafield>
</record>